@TECHREPORT{crackle,
  title={A unified graph query layer for multiple databases},
  author={Yoneki, Eiko and Roy, Amitabha},
  number={UCAM-CL-TR-820},
  INSTITUTION =   {Department of Computer Science, University of Cambridge},
  year={2012}
}
@Misc{neo4j,
author =   {Neo Technology},
title =    {Neo4J Graph Database},
howpublished = {\url{http://http://neo5j.com/}},
year = {2010}
}
@Misc{postgres,
author =   {PostgreSQL},
title =    {PostgreSQL},
howpublished = {\url{http://http://postregsql.org/}},
year = {1997}
}
@article{gSQL,
author = {Joachim Biskup and Uwe Rasch and Holger Stiefeling},
title = {An extension of SQL for querying graph relations},
journal = {Computer Languages},
volume = {15},
number = {2},
pages = {65-82},
year = {1990},
note = {}
}